<?xml version="1.0" encoding="UTF-8"?>
<collection xmlns="http://www.loc.gov/MARC21/slim">
 <record>
  <leader>03089cam a2200553Ka 4500</leader>
  <controlfield tag="001">8963028</controlfield>
  <controlfield tag="005">20160831103539.1</controlfield>
  <controlfield tag="006">m     o  d        </controlfield>
  <controlfield tag="007">cr bn||||||abp</controlfield>
  <controlfield tag="007">cr bn||||||ada</controlfield>
  <controlfield tag="008">100630s1989    ilua    ob    001 0 eng d</controlfield>
  <controlfield tag="003">OLE</controlfield>
  <datafield tag="020" ind1=" " ind2=" ">
   <subfield code="z">0918986532 (set)</subfield>
  </datafield>
  <datafield tag="020" ind1=" " ind2=" ">
   <subfield code="z">9780918986535 (set)</subfield>
  </datafield>
  <datafield tag="035" ind1=" " ind2=" ">
   <subfield code="a">(OCoLC)645273046</subfield>
  </datafield>
  <datafield tag="035" ind1=" " ind2=" ">
   <subfield code="a">8963028</subfield>
  </datafield>
  <datafield tag="040" ind1=" " ind2=" ">
   <subfield code="a">OCLCE</subfield>
   <subfield code="b">eng</subfield>
   <subfield code="c">OCLCE</subfield>
   <subfield code="d">OCLCQ</subfield>
   <subfield code="d">CGU</subfield>
   <subfield code="d">UtOrBLW</subfield>
  </datafield>
  <datafield tag="042" ind1=" " ind2=" ">
   <subfield code="a">dlr</subfield>
  </datafield>
  <datafield tag="043" ind1=" " ind2=" ">
   <subfield code="a">a-ir---</subfield>
  </datafield>
  <datafield tag="049" ind1=" " ind2=" ">
   <subfield code="a">CGUA</subfield>
  </datafield>
  <datafield tag="082" ind1="0" ind2="4">
   <subfield code="a">935</subfield>
   <subfield code="2">20</subfield>
  </datafield>
  <datafield tag="090" ind1=" " ind2=" ">
   <subfield code="a">DS324.L8</subfield>
   <subfield code="b">S36 1989</subfield>
  </datafield>
  <datafield tag="100" ind1="1" ind2=" ">
   <subfield code="a">Schmidt, Erich Friedrich,</subfield>
   <subfield code="d">1897-1964.</subfield>
  </datafield>
  <datafield tag="245" ind1="1" ind2="4">
   <subfield code="a">The Holmes expeditions to Luristan</subfield>
   <subfield code="h">[electronic resource] /</subfield>
   <subfield code="c">Erich F. Schmidt, Maurits N. van Loon, Hans H. Curvers ; with contribution by J.A. Brinkman.</subfield>
  </datafield>
  <datafield tag="260" ind1=" " ind2=" ">
   <subfield code="a">Chicago, Ill. :</subfield>
   <subfield code="b">Oriental Institute of the University of Chicago,</subfield>
   <subfield code="c">c1989.</subfield>
  </datafield>
  <datafield tag="300" ind1=" " ind2=" ">
   <subfield code="a">1 online resource (2 v.) :</subfield>
   <subfield code="b">ill.</subfield>
  </datafield>
  <datafield tag="490" ind1="1" ind2=" ">
   <subfield code="a">The University of Chicago Oriental Institute publications,</subfield>
   <subfield code="x">0069-3367 ;</subfield>
   <subfield code="v">v. 108</subfield>
  </datafield>
  <datafield tag="504" ind1=" " ind2=" ">
   <subfield code="a">Includes bibliographical references (v. [1], p. 501-525).</subfield>
  </datafield>
  <datafield tag="505" ind1="0" ind2=" ">
   <subfield code="a">[1] Text -- [2] Plates.</subfield>
  </datafield>
  <datafield tag="506" ind1=" " ind2=" ">
   <subfield code="3">Use copy</subfield>
   <subfield code="f">Restrictions unspecified</subfield>
   <subfield code="2">star</subfield>
   <subfield code="5">MiAaHDL</subfield>
  </datafield>
  <datafield tag="533" ind1=" " ind2=" ">
   <subfield code="a">Electronic reproduction.</subfield>
   <subfield code="b">[S.l.] :</subfield>
   <subfield code="c">HathiTrust Digital Library,</subfield>
   <subfield code="d">2010.</subfield>
   <subfield code="5">MiAaHDL</subfield>
  </datafield>
  <datafield tag="538" ind1=" " ind2=" ">
   <subfield code="a">Master and use copy. Digital master created according to Benchmark for Faithful Digital Reproductions of Monographs and Serials, Version 1. Digital Library Federation, December 2002.</subfield>
   <subfield code="u">http://purl.oclc.org/DLF/benchrepro0212</subfield>
   <subfield code="5">MiAaHDL</subfield>
  </datafield>
  <datafield tag="583" ind1="1" ind2=" ">
   <subfield code="a">digitized</subfield>
   <subfield code="c">2010</subfield>
   <subfield code="h">HathiTrust Digital Library</subfield>
   <subfield code="l">committed to preserve</subfield>
   <subfield code="2">pda</subfield>
   <subfield code="5">MiAaHDL</subfield>
  </datafield>
  <datafield tag="650" ind1=" " ind2="0">
   <subfield code="a">Excavations (Archaeology)</subfield>
   <subfield code="z">Iran</subfield>
   <subfield code="z">Luristan.</subfield>
  </datafield>
  <datafield tag="650" ind1=" " ind2="7">
   <subfield code="a">Fouilles archéologiques</subfield>
   <subfield code="z">Iran</subfield>
   <subfield code="z">Lorestān (Iran)</subfield>
   <subfield code="2">ram</subfield>
  </datafield>
  <datafield tag="650" ind1=" " ind2="7">
   <subfield code="a">Protohistoire</subfield>
   <subfield code="z">Iran</subfield>
   <subfield code="z">Lorestān (Iran)</subfield>
   <subfield code="2">ram</subfield>
  </datafield>
  <datafield tag="650" ind1=" " ind2="7">
   <subfield code="a">Antiquités préhistoriques</subfield>
   <subfield code="z">Iran</subfield>
   <subfield code="z">Lorestān (Iran)</subfield>
   <subfield code="2">ram</subfield>
  </datafield>
  <datafield tag="651" ind1=" " ind2="0">
   <subfield code="a">Luristān (Iran)</subfield>
   <subfield code="x">Antiquities.</subfield>
  </datafield>
  <datafield tag="650" ind1=" " ind2="7">
   <subfield code="a">Antiquities.</subfield>
   <subfield code="2">fast</subfield>
   <subfield code="0">http://id.worldcat.org/fast/fst00810745</subfield>
  </datafield>
  <datafield tag="650" ind1=" " ind2="7">
   <subfield code="a">Excavations (Archaeology)</subfield>
   <subfield code="2">fast</subfield>
   <subfield code="0">http://id.worldcat.org/fast/fst00917564</subfield>
  </datafield>
  <datafield tag="651" ind1=" " ind2="7">
   <subfield code="a">Iran</subfield>
   <subfield code="z">Luristān.</subfield>
   <subfield code="2">fast</subfield>
   <subfield code="0">http://id.worldcat.org/fast/fst01220275</subfield>
  </datafield>
  <datafield tag="700" ind1="1" ind2=" ">
   <subfield code="a">Loon, Maurits Nanning van.</subfield>
  </datafield>
  <datafield tag="700" ind1="1" ind2=" ">
   <subfield code="a">Curvers, Hans H.</subfield>
  </datafield>
  <datafield tag="776" ind1="0" ind2="8">
   <subfield code="i">Print version:</subfield>
   <subfield code="a">Schmidt, Erich Friedrich, 1897-1964.</subfield>
   <subfield code="t">Holmes expeditions to Luristan.</subfield>
   <subfield code="d">Chicago, Ill. : Oriental Institute of the University of Chicago, c1989</subfield>
   <subfield code="w">(DLC) 88062280</subfield>
   <subfield code="w">(OCoLC)21148207</subfield>
   <subfield code="w">(ICU)1615956</subfield>
  </datafield>
  <datafield tag="830" ind1=" " ind2="0">
   <subfield code="a">University of Chicago Oriental Institute publications ;</subfield>
   <subfield code="v">v. 108.</subfield>
  </datafield>
  <datafield tag="856" ind1="4" ind2="0">
   <subfield code="u">http://bibpurl.oclc.org/web/48213</subfield>
   <subfield code="z">(Includes digitized Errata Slip)</subfield>
   <subfield code="z">(Click on the icon to the left of 'Terms of Use')</subfield>
  </datafield>
  <datafield tag="903" ind1=" " ind2=" ">
   <subfield code="a">MARS</subfield>
  </datafield>
  <datafield tag="928" ind1=" " ind2=" ">
   <subfield code="u">http://bibpurl.oclc.org/web/48213</subfield>
   <subfield code="p">(Includes digitized Errata Slip)z(Click on the icon to the left of 'Terms of Use')</subfield>
   <subfield code="c">FullText</subfield>
   <subfield code="l">Online</subfield>
   <subfield code="t">LCC</subfield>
   <subfield code="a">DS324.L8S360 1989</subfield>
  </datafield>
  <datafield tag="928" ind1=" " ind2=" ">
   <subfield code="u">http://oi.uchicago.edu/research/pubs/catalog/oip/oip108.html</subfield>
   <subfield code="p">(Includes digitized Errata Slip)z(Click on the icon to the left of 'Terms of Use')</subfield>
   <subfield code="c">FullText</subfield>
   <subfield code="l">Online</subfield>
   <subfield code="t">LCC</subfield>
   <subfield code="a">DS324.L8S360 1989</subfield>
  </datafield>
 </record>
</collection>
